<?xml version="1.0" encoding="UTF-8"?>
<marc:collection xmlns="http://www.loc.gov/MARC21/slim" xmlns:marc="http://www.loc.gov/MARC21/slim" xmlns:xsi="http://www.w3.org/2001/XMLSchema-instance" xsi:schemaLocation="http://www.loc.gov/standards/marcxml/schema/MARC21slim.xsd http://www.loc.gov/MARC21/slim">
  <record>
    <leader>00000npcaa2200000 u 4500</leader>
    <controlfield tag="008">190118i19841985xx                  eng d</controlfield>
    <datafield ind1=" " ind2=" " tag="040">
      <subfield code="a">DWP</subfield>
      <subfield code="b">eng</subfield>
      <subfield code="c">DWP</subfield>
      <subfield code="e">dacs</subfield>
    </datafield>
    <datafield ind1="0" ind2="7" tag="041">
      <subfield code="a">eng</subfield>
      <subfield code="2">iso639-2b</subfield>
    </datafield>
    <datafield ind1=" " ind2=" " tag="049">
      <subfield code="a">DWP</subfield>
    </datafield>
    <datafield ind1=" " ind2=" " tag="099">
      <subfield code="a">OHP010</subfield>
    </datafield>
    <datafield ind1="0" ind2="0" tag="245">
      <subfield code="a">Dupont Circle - "Slices of the Pie" Oral History Project,</subfield>
      <subfield code="f">1984 - 1985</subfield>
    </datafield>
    <datafield ind1=" " ind2=" " tag="300">
      <subfield code="a">3</subfield>
      <subfield code="f">Linear feet</subfield>
    </datafield>
    <datafield ind1=" " ind2=" " tag="500">
      <subfield code="a">Processing Information: After the initial donation to the Library, the transcripts were placed in folders and stored them in a filing cabinet with other oral histories. Tapes were duplicated by the Library with use copies being placed a cabinet, while the originals were placed into off-site cold storage. In 2014, the tapes and transcripts were digitized and in 2017 the collection was reprocessed. Transcripts were placed into folders and boxed. Original and patron copies of all tapes were organized and boxed for long-term storage. All administrative documents, including releases, were placed into the control file.</subfield>
    </datafield>
    <datafield ind1="2" ind2=" " tag="520">
      <subfield code="a">Between 1984 and 1985, Mara Cherkasky, then a graduate student at The George Washington University, conducted 35 oral history interviews with longtime Dupont Circle residents. The interviews were conducted as a part of her master's thesis research about the changes to the northwest neighborhood. Here thesis is entitled "Slices of the Pie: Black and White Dupont Circle from the 1920s to the 1950s." Topics include Dupont Circle from the 1920s to the 1950s, childhood experiences, work and life experiences, and segregation. .</subfield>
    </datafield>
    <datafield ind1=" " ind2=" " tag="540">
      <subfield code="a">The Library holds copyright for items in this collection with a signed release. There are no restrictions on the use of these collection materials. Reproduction of an oral history without a signed release is not permitted.</subfield>
    </datafield>
    <datafield ind1="1" ind2=" " tag="541">
      <subfield code="a">Mara Cherkasky conducted these interviews between 1984 and 1985, and donated the tapes and transcripts to the Library in the late 1980s. There is no deed of gift for this collection, but all interviewee releases are granted to the Library.</subfield>
    </datafield>
    <datafield ind1=" " ind2=" " tag="545">
      <subfield code="a">Mara Cherkasky is a historian, author and research who earned a Master's of Arts from The George Washington University and a Bachelor of Arts from the University of Wisconsin at Madison.</subfield>
    </datafield>
    <datafield ind1=" " ind2="7" tag="650">
      <subfield code="a">Oral History</subfield>
      <subfield code="2">Library of Congress Subject Headings</subfield>
    </datafield>
    <datafield ind1=" " ind2=" " tag="852">
      <subfield code="a">DWP</subfield>
    </datafield>
  </record>
</marc:collection>

